@article{testament2018holy,
    title={The holy bible},
    author={Testament, Old},
    year={2018}
  }